
<record>
<header>
<identifier>oai:revistas.usp.br:article/101922</identifier>
<datestamp>2020-07-31T22:03:51Z</datestamp>
<setSpec>actafisiatrica:Pont.+Vista</setSpec>
<setSpec>driver</setSpec>
</header>
<metadata>
<record xmlns="http://www.loc.gov/MARC21/slim" xmlns:xsi="http://www.w3.org/2001/XMLSchema-instance" xsi:schemaLocation="http://www.loc.gov/MARC21/slim http://www.loc.gov/standards/marcxml/schema/MARC21slim.xsd">
<leader>     nmb a2200000Iu 4500</leader>
<controlfield tag="008">"941006 1994                        eng  "</controlfield>
<datafield tag="022" ind1="#" ind2="#">
<subfield code="$a">2317-0190</subfield>
</datafield>
<datafield tag="022" ind1="#" ind2="#">
<subfield code="$a">0104-7795</subfield>
</datafield>
<datafield tag="042" ind1=" " ind2=" ">
<subfield code="a">dc</subfield>
</datafield>
<datafield tag="245" ind1="0" ind2="0">
<subfield code="a">Algumas verdades sobre o tratamento fisiátrico das cervicalgias</subfield>
</datafield>  <datafield tag="720" ind1="1" ind2=" ">
<subfield code="a">Leitão, Raimundo Edson de Araújo</subfield>
<subfield code="u">Sociedade Brasileira de Medicina Física e Reabilitação</subfield></datafield>
<datafield tag="720" ind1="1" ind2=" ">
<subfield code="a">Vasconcelos, Henrique Ayres de</subfield>
</datafield>
<datafield tag="720" ind1="1" ind2=" ">
<subfield code="a">Leitão, Valéria Araujo</subfield>
<subfield code="u">Universidade Federal do Rio de Janeiro - UFRJ</subfield></datafield>
<datafield tag="520" ind1=" " ind2=" ">
<subfield code="a"> O emprego dos recursos fisiátricos no tratamento das cervicalgias têm a vantagem de encurtar ou de abolir o sofrimento do paciente. Além disso, os efeitos favoráveis contra os sintomas dolorosos revelam-se mais duradouros.  As principais causas básicas das cervicalgias de origem reumática são a artrose, a discartrose, a hérnia discai, a costela cervical, as infecções piogênicas, a tuberculose vertebral e os tumores medulares. </subfield>
</datafield>
<datafield tag="260" ind1=" " ind2=" ">
<subfield code="b">Faculdade de Medicina, Universidade de São Paulo</subfield>
</datafield>
<dataField tag="260" ind1=" " ind2=" ">
<subfield code="c">1994-10-06 00:00:00</subfield>
</dataField>   <datafield tag="856" ind1=" " ind2=" ">
<subfield code="q">application/pdf</subfield>
</datafield>
<datafield tag="856" ind1="4" ind2="0">
<subfield code="u">https://www.revistas.usp.br/actafisiatrica/article/view/101922</subfield>
</datafield>  <datafield tag="786" ind1="0" ind2=" ">
<subfield code="n">Acta Fisiátrica; v. 1 n. 1 (1994)</subfield>
</datafield>  <datafield tag="546" ind1=" " ind2=" ">
<subfield code="a">por</subfield>
</datafield>   <datafield tag="540" ind1=" " ind2=" ">
<subfield code="a">Copyright (c) 1994 Acta Fisiátrica</subfield>
</datafield>
</record>
</metadata>
</record>