
<record>
<header>
<identifier>oai:revistas.usp.br:article/101944</identifier>
<datestamp>2020-07-31T22:07:21Z</datestamp>
<setSpec>actafisiatrica:Art.+Orig.</setSpec>
<setSpec>driver</setSpec>
</header>
<metadata>
<record xmlns="http://www.loc.gov/MARC21/slim" xmlns:xsi="http://www.w3.org/2001/XMLSchema-instance" xsi:schemaLocation="http://www.loc.gov/MARC21/slim http://www.loc.gov/standards/marcxml/schema/MARC21slim.xsd">
<leader>     nmb a2200000Iu 4500</leader>
<controlfield tag="008">"950603 1995                        eng  "</controlfield>
<datafield tag="022" ind1="#" ind2="#">
<subfield code="$a">2317-0190</subfield>
</datafield>
<datafield tag="022" ind1="#" ind2="#">
<subfield code="$a">0104-7795</subfield>
</datafield>
<datafield tag="042" ind1=" " ind2=" ">
<subfield code="a">dc</subfield>
</datafield>
<datafield tag="245" ind1="0" ind2="0">
<subfield code="a">Dor pós-amputação - abordagem terapêutica</subfield>
</datafield>  <datafield tag="100" ind1="1" ind2=" ">
<subfield code="a">Sakamoto, Hatsue</subfield>
<subfield code="u">Universidade de São Paulo. Faculdade de Medicina</subfield></datafield>
<datafield tag="520" ind1=" " ind2=" ">
<subfield code="a"> O tratamento da dor no coto e/ou dor fantasma após a amputação é uma tarefa difícil, pois desconhecemos a fisiopatologia e as alterações neuroquímicas que ocorrem no sistema nervoso. Ele depende do tipo de dor, o grau de severidade e o quanto incapacita o paciente; geralmente o tratamento se baseia em técnicas não invasivas por que de acordo com vários estudos, as técnicas invasivas são pouco eficazes. Além disso, qualquer intervenção cirúrgica no sistema nervoso periférico ou central, nos casos de dor por deaferentação, pode incrementar a deaferentação aumentando o risco de persistência da dor. O programa reabilitacional é a base do tratamento da dor pós-ampulação. </subfield>
</datafield>
<datafield tag="260" ind1=" " ind2=" ">
<subfield code="b">Faculdade de Medicina, Universidade de São Paulo</subfield>
</datafield>
<dataField tag="260" ind1=" " ind2=" ">
<subfield code="c">1995-06-03 00:00:00</subfield>
</dataField>   <datafield tag="856" ind1=" " ind2=" ">
<subfield code="q">application/pdf</subfield>
</datafield>
<datafield tag="856" ind1="4" ind2="0">
<subfield code="u">https://www.revistas.usp.br/actafisiatrica/article/view/101944</subfield>
</datafield>  <datafield tag="786" ind1="0" ind2=" ">
<subfield code="n">Acta Fisiátrica; v. 2 n. 1 (1995)</subfield>
</datafield>  <datafield tag="546" ind1=" " ind2=" ">
<subfield code="a">por</subfield>
</datafield>   <datafield tag="540" ind1=" " ind2=" ">
<subfield code="a">Copyright (c) 1995 Acta Fisiátrica</subfield>
</datafield>
</record>
</metadata>
</record>