
<record>
<header>
<identifier>oai:revistas.usp.br:article/101947</identifier>
<datestamp>2020-07-31T22:07:25Z</datestamp>
<setSpec>actafisiatrica:Art.+Orig.</setSpec>
<setSpec>driver</setSpec>
</header>
<metadata>
<record xmlns="http://www.loc.gov/MARC21/slim" xmlns:xsi="http://www.w3.org/2001/XMLSchema-instance" xsi:schemaLocation="http://www.loc.gov/MARC21/slim http://www.loc.gov/standards/marcxml/schema/MARC21slim.xsd">
<leader>     nmb a2200000Iu 4500</leader>
<controlfield tag="008">"950603 1995                        eng  "</controlfield>
<datafield tag="022" ind1="#" ind2="#">
<subfield code="$a">2317-0190</subfield>
</datafield>
<datafield tag="022" ind1="#" ind2="#">
<subfield code="$a">0104-7795</subfield>
</datafield>
<datafield tag="042" ind1=" " ind2=" ">
<subfield code="a">dc</subfield>
</datafield>
<datafield tag="245" ind1="0" ind2="0">
<subfield code="a">Tratamento e follow-up da tendinite patelar (jumper&#039;s knee) com eletroacupuntura Ryodoraku</subfield>
</datafield>  <datafield tag="720" ind1="1" ind2=" ">
<subfield code="a">Imamura, Satiko Tomikawa</subfield>
<subfield code="u">Universidade de São Paulo. Faculdade de Medicina</subfield></datafield>
<datafield tag="720" ind1="1" ind2=" ">
<subfield code="a">Imamura, Marta</subfield>
<subfield code="u">Universidade de São Paulo. Faculdade de Medicina</subfield><subfield code="0">https://orcid.org/0000-0003-0355-9697</subfield></datafield>
<datafield tag="720" ind1="1" ind2=" ">
<subfield code="a">Amatuzzi, Marco Martins</subfield>
<subfield code="u">Universidade de São Paulo. Faculdade de Medicina</subfield></datafield>
<datafield tag="720" ind1="1" ind2=" ">
<subfield code="a">Soares, Nelson</subfield>
<subfield code="u">Universidade de São Paulo. Faculdade de Medicina</subfield></datafield>
<datafield tag="520" ind1=" " ind2=" ">
<subfield code="a"> A tendinite da patela é uma lesão comum em atletas que utilizam repetidamente o mecanismo desacelerador do músculo extensor do joelho, como nos saltos, corridas, ciclismos e chute. Os autores apresentam os resultados do tratamento conservador de 58 doentes (66 joelhos) portadores de tendinite patelar grau 3 através da Eletroampuntura Ryodoraku. Alívio completo da dor e retorno da dor à atividade esportiva prévia foi observado em 43 casos (74,1%). Os autores concluem que a Eletroacupuntura Ryodoraku é um método eficaz, de fácil execução e baixo custo operacional; necessitando um pequeno número de aplicações para a obtenção do alívio da dor. </subfield>
</datafield>
<datafield tag="260" ind1=" " ind2=" ">
<subfield code="b">Faculdade de Medicina, Universidade de São Paulo</subfield>
</datafield>
<dataField tag="260" ind1=" " ind2=" ">
<subfield code="c">1995-06-03 00:00:00</subfield>
</dataField>   <datafield tag="856" ind1=" " ind2=" ">
<subfield code="q">application/pdf</subfield>
</datafield>
<datafield tag="856" ind1="4" ind2="0">
<subfield code="u">https://www.revistas.usp.br/actafisiatrica/article/view/101947</subfield>
</datafield>  <datafield tag="786" ind1="0" ind2=" ">
<subfield code="n">Acta Fisiátrica; v. 2 n. 1 (1995)</subfield>
</datafield>  <datafield tag="546" ind1=" " ind2=" ">
<subfield code="a">por</subfield>
</datafield>   <datafield tag="540" ind1=" " ind2=" ">
<subfield code="a">Copyright (c) 1995 Acta Fisiátrica</subfield>
</datafield>
</record>
</metadata>
</record>