
<record>
<header>
<identifier>oai:revistas.usp.br:article/101948</identifier>
<datestamp>2020-07-31T22:07:29Z</datestamp>
<setSpec>actafisiatrica:Art.+Orig.</setSpec>
<setSpec>driver</setSpec>
</header>
<metadata>
<record xmlns="http://www.loc.gov/MARC21/slim" xmlns:xsi="http://www.w3.org/2001/XMLSchema-instance" xsi:schemaLocation="http://www.loc.gov/MARC21/slim http://www.loc.gov/standards/marcxml/schema/MARC21slim.xsd">
<leader>     nmb a2200000Iu 4500</leader>
<controlfield tag="008">"950603 1995                        eng  "</controlfield>
<datafield tag="022" ind1="#" ind2="#">
<subfield code="$a">2317-0190</subfield>
</datafield>
<datafield tag="022" ind1="#" ind2="#">
<subfield code="$a">0104-7795</subfield>
</datafield>
<datafield tag="042" ind1=" " ind2=" ">
<subfield code="a">dc</subfield>
</datafield>
<datafield tag="245" ind1="0" ind2="0">
<subfield code="a">Dor mielopática pós-trauma raquimedular: manejo clínico e cirúrgico</subfield>
</datafield>  <datafield tag="100" ind1="1" ind2=" ">
<subfield code="a">Souza, Silvia Mazzali Jorge de</subfield>
<subfield code="u">Universidade de São Paulo. Faculdade de Medicina</subfield></datafield>
<datafield tag="520" ind1=" " ind2=" ">
<subfield code="a"> A dor mielopática é um tipo de dor central que se origina após lesão completa, incompleta ou subclínica das vias somato-sensoriais, especialmente do trato espinotalâmico. A dor é descrita como uma sensação de amortecimento desagradável, queimor ou &quot;formigamento&quot;, freqüentemente de caráter constante, podendo apresentar períodos de exacerbação. Ocasionalmente são descritos dois tipos distintos de dor, uma de caráter crônico constante e outra intermitente e intensa com distribuição radicular ou por dermátomo, com característica de &quot;choque&quot;. Freqüentemente este segundo tipo de dor está associado a comprometimento radicular concomitante ao comprometimento medular ou está localizado no nível da lesão medular, na área de transição da zona de sensibilidade normal para a comprometida. </subfield>
</datafield>
<datafield tag="260" ind1=" " ind2=" ">
<subfield code="b">Faculdade de Medicina, Universidade de São Paulo</subfield>
</datafield>
<dataField tag="260" ind1=" " ind2=" ">
<subfield code="c">1995-06-03 00:00:00</subfield>
</dataField>   <datafield tag="856" ind1=" " ind2=" ">
<subfield code="q">application/pdf</subfield>
</datafield>
<datafield tag="856" ind1="4" ind2="0">
<subfield code="u">https://www.revistas.usp.br/actafisiatrica/article/view/101948</subfield>
</datafield>  <datafield tag="786" ind1="0" ind2=" ">
<subfield code="n">Acta Fisiátrica; v. 2 n. 1 (1995)</subfield>
</datafield>  <datafield tag="546" ind1=" " ind2=" ">
<subfield code="a">por</subfield>
</datafield>   <datafield tag="540" ind1=" " ind2=" ">
<subfield code="a">Copyright (c) 1995 Acta Fisiátrica</subfield>
</datafield>
</record>
</metadata>
</record>