
<record>
<header>
<identifier>oai:revistas.usp.br:article/101979</identifier>
<datestamp>2020-07-31T22:15:27Z</datestamp>
<setSpec>actafisiatrica:Art.+Orig.</setSpec>
<setSpec>driver</setSpec>
</header>
<metadata>
<record xmlns="http://www.loc.gov/MARC21/slim" xmlns:xsi="http://www.w3.org/2001/XMLSchema-instance" xsi:schemaLocation="http://www.loc.gov/MARC21/slim http://www.loc.gov/standards/marcxml/schema/MARC21slim.xsd">
<leader>     nmb a2200000Iu 4500</leader>
<controlfield tag="008">"951214 1995                        eng  "</controlfield>
<datafield tag="022" ind1="#" ind2="#">
<subfield code="$a">2317-0190</subfield>
</datafield>
<datafield tag="022" ind1="#" ind2="#">
<subfield code="$a">0104-7795</subfield>
</datafield>
<datafield tag="042" ind1=" " ind2=" ">
<subfield code="a">dc</subfield>
</datafield>
<datafield tag="245" ind1="0" ind2="0">
<subfield code="a">Equipamentos para estimulação elétrica funcional</subfield>
</datafield>  <datafield tag="720" ind1="1" ind2=" ">
<subfield code="a">Santos, Antônio Cardoso</subfield>
<subfield code="u">Universidade Federal do Rio Grande do Sul - UFRGS</subfield></datafield>
<datafield tag="720" ind1="1" ind2=" ">
<subfield code="a">Silva Junior, Danton Pereira da</subfield>
</datafield>
<datafield tag="720" ind1="1" ind2=" ">
<subfield code="a">Müller, André Frota</subfield>
</datafield>
<datafield tag="720" ind1="1" ind2=" ">
<subfield code="a">Thomé, Paulo Ricardo Oppermann</subfield>
</datafield>
<datafield tag="720" ind1="1" ind2=" ">
<subfield code="a">Sanches, Paulo Roberto Stefani</subfield>
<subfield code="u">Hospital de Clínicas de Porto Alegre - HCPA</subfield></datafield>
<datafield tag="720" ind1="1" ind2=" ">
<subfield code="a">Alves, Maria Elaine</subfield>
<subfield code="u">Hospital de Clínicas de Porto Alegre - HCPA</subfield></datafield>
<datafield tag="720" ind1="1" ind2=" ">
<subfield code="a">Bortolozzo, Maria Emilia</subfield>
<subfield code="u">Universidade Federal do Rio Grande do Sul - UFRGS</subfield></datafield>
<datafield tag="520" ind1=" " ind2=" ">
<subfield code="a"> Estimulação Elétrica Funcional (FES) Objetivos: Avaliação da técnica FES em pacientes com patologias neurológicas diversas, utilizando equipamentos desenvolvidos pela Engenharia Biomédica do Hospital de Clínicas de Porto Alegre. Os objetivos principais deste trabalho são: redução da espasticidade muscular, fortalecimento muscular e melhora no padrão de marcha. Material: FES-I1 portátil, 2 canais, Engenharia Biomédica - HCPA FES-I1 clínico, 2 canais, Engenharia Biomédica - HCPA  Métodos: Metodologia da Escola de Lubljana. Sessões periódicas de 10 minutos cada, aplicadas a pacientes previamente selecionados. Os resultados foram avaliados pela análise dos padrões de marcha e o exame clínico dos músculos estimulados. Resultados: Redução da espasticidade muscular: 81,8 % pacientes. Melhora no padrão de marcha: 73,7 % pacientes. Alívio no ombro doloroso: 100 % pacientes. Conclusões : A técnica de Estimulação Elétrica Funcional (FES) é um meio eficiente de obter contrações musculares controladas em membros paralisados, e, se possível, restaurar as funções destes membros. FES é clinicamente indicado para pacientes com lesões na medula espinhal (04), acidentes vasculares cerebrais, paralisia central, esclerose múltipla, etc ... (05). A aplicação regular da estimulação neuromuscular, usando FES, provou ser eficiente no tratamento de pacientes com deficiências motoras causadas por diferentes patologias do sistema nervoso central. </subfield>
</datafield>
<datafield tag="260" ind1=" " ind2=" ">
<subfield code="b">Faculdade de Medicina, Universidade de São Paulo</subfield>
</datafield>
<dataField tag="260" ind1=" " ind2=" ">
<subfield code="c">1995-12-14 00:00:00</subfield>
</dataField>   <datafield tag="856" ind1=" " ind2=" ">
<subfield code="q">application/pdf</subfield>
</datafield>
<datafield tag="856" ind1="4" ind2="0">
<subfield code="u">https://www.revistas.usp.br/actafisiatrica/article/view/101979</subfield>
</datafield>  <datafield tag="786" ind1="0" ind2=" ">
<subfield code="n">Acta Fisiátrica; v. 2 n. 3 (1995)</subfield>
</datafield>  <datafield tag="546" ind1=" " ind2=" ">
<subfield code="a">por</subfield>
</datafield>   <datafield tag="540" ind1=" " ind2=" ">
<subfield code="a">Copyright (c) 1995 Acta Fisiátrica</subfield>
</datafield>
</record>
</metadata>
</record>