
<record>
<header>
<identifier>oai:revistas.usp.br:article/101980</identifier>
<datestamp>2020-07-31T22:15:35Z</datestamp>
<setSpec>actafisiatrica:Art.+Rev.</setSpec>
<setSpec>driver</setSpec>
</header>
<metadata>
<record xmlns="http://www.loc.gov/MARC21/slim" xmlns:xsi="http://www.w3.org/2001/XMLSchema-instance" xsi:schemaLocation="http://www.loc.gov/MARC21/slim http://www.loc.gov/standards/marcxml/schema/MARC21slim.xsd">
<leader>     nmb a2200000Iu 4500</leader>
<controlfield tag="008">"951214 1995                        eng  "</controlfield>
<datafield tag="022" ind1="#" ind2="#">
<subfield code="$a">2317-0190</subfield>
</datafield>
<datafield tag="022" ind1="#" ind2="#">
<subfield code="$a">0104-7795</subfield>
</datafield>
<datafield tag="042" ind1=" " ind2=" ">
<subfield code="a">dc</subfield>
</datafield>
<datafield tag="245" ind1="0" ind2="0">
<subfield code="a">Neuroplasticidade e a recuperação da função após lesões cerebrais</subfield>
</datafield>  <datafield tag="100" ind1="1" ind2=" ">
<subfield code="a">Ribeiro Sobrinho, José Brenha</subfield>
<subfield code="u">Universidade de São Paulo. Faculdade de Medicina</subfield></datafield>
<datafield tag="520" ind1=" " ind2=" ">
<subfield code="a"> As lesões cerebrais são talvez as que provoquem maiores e mais extensos déficits funcionais no ser humano. As células nervosas perdidas não podem ser regeneradas por divisão celular e a possibilidade de neoformação de seus prolongamentos citoplasmáticos condutores de estímulos (dendritos e axônios) é limitada pela cicatrização do foco lesionai, fenômeno este que começa alguns dias após a lesão, sendo o crescimento axonal suspenso 2 semanas após a lesão. Via de regra, as lesões cerebrais mesmo focais provocam disfunções, paralisias e déficits que acometem várias modalidades das inúmeras funções do cérebro, funções estas que garantem no ser humano a sua insuperável adaptabilidade aos mais diversos e inóspitos ambientes. Entretanto, por graves que sejam as conseqüências destas lesões, observam-se que freqüentemente ocorrem melhoras nos déficits funcionais; em alguns casos, já nos primeiros meses de evolução do doente e em outros, após vários meses ou até mesmo anos. </subfield>
</datafield>
<datafield tag="260" ind1=" " ind2=" ">
<subfield code="b">Faculdade de Medicina, Universidade de São Paulo</subfield>
</datafield>
<dataField tag="260" ind1=" " ind2=" ">
<subfield code="c">1995-12-14 00:00:00</subfield>
</dataField>   <datafield tag="856" ind1=" " ind2=" ">
<subfield code="q">application/pdf</subfield>
</datafield>
<datafield tag="856" ind1="4" ind2="0">
<subfield code="u">https://www.revistas.usp.br/actafisiatrica/article/view/101980</subfield>
</datafield>  <datafield tag="786" ind1="0" ind2=" ">
<subfield code="n">Acta Fisiátrica; v. 2 n. 3 (1995)</subfield>
</datafield>  <datafield tag="546" ind1=" " ind2=" ">
<subfield code="a">por</subfield>
</datafield>   <datafield tag="540" ind1=" " ind2=" ">
<subfield code="a">Copyright (c) 1995 Acta Fisiátrica</subfield>
</datafield>
</record>
</metadata>
</record>