
<record>
<header>
<identifier>oai:revistas.usp.br:article/101985</identifier>
<datestamp>2020-07-31T22:18:09Z</datestamp>
<setSpec>actafisiatrica:Tend.+Refle.</setSpec>
<setSpec>driver</setSpec>
</header>
<metadata>
<record xmlns="http://www.loc.gov/MARC21/slim" xmlns:xsi="http://www.w3.org/2001/XMLSchema-instance" xsi:schemaLocation="http://www.loc.gov/MARC21/slim http://www.loc.gov/standards/marcxml/schema/MARC21slim.xsd">
<leader>     nmb a2200000Iu 4500</leader>
<controlfield tag="008">"960411 1996                        eng  "</controlfield>
<datafield tag="022" ind1="#" ind2="#">
<subfield code="$a">2317-0190</subfield>
</datafield>
<datafield tag="022" ind1="#" ind2="#">
<subfield code="$a">0104-7795</subfield>
</datafield>
<datafield tag="042" ind1=" " ind2=" ">
<subfield code="a">dc</subfield>
</datafield>
<datafield tag="245" ind1="0" ind2="0">
<subfield code="a">Terapêutica da osteoartrose - buscando novos caminhos</subfield>
</datafield>  <datafield tag="100" ind1="1" ind2=" ">
<subfield code="a">Dougados, Maxime</subfield>
<subfield code="u">Departamento de Reumatologia, Hospital Cochin, Paris</subfield></datafield>
<datafield tag="520" ind1=" " ind2=" ">
<subfield code="a"> Os Comitês da Liga Internacional Contra o Reumatismo, da Sociedade de Pesquisa da Osteoartrite e da Organização Mundial da Saúde recentemente consideraram orientações para testar novas drogas atuando na osteoartrite: terapia de ação rápida sobre os sintomas, terapia de ação lenta sobre os sintomas e drogas modificadoras da doença. </subfield>
</datafield>
<datafield tag="260" ind1=" " ind2=" ">
<subfield code="b">Faculdade de Medicina, Universidade de São Paulo</subfield>
</datafield>
<dataField tag="260" ind1=" " ind2=" ">
<subfield code="c">1996-04-11 00:00:00</subfield>
</dataField>   <datafield tag="856" ind1=" " ind2=" ">
<subfield code="q">application/pdf</subfield>
</datafield>
<datafield tag="856" ind1="4" ind2="0">
<subfield code="u">https://www.revistas.usp.br/actafisiatrica/article/view/101985</subfield>
</datafield>  <datafield tag="786" ind1="0" ind2=" ">
<subfield code="n">Acta Fisiátrica; v. 3 n. 1 (1996)</subfield>
</datafield>  <datafield tag="546" ind1=" " ind2=" ">
<subfield code="a">por</subfield>
</datafield>   <datafield tag="540" ind1=" " ind2=" ">
<subfield code="a">Copyright (c) 1996 Acta Fisiátrica</subfield>
</datafield>
</record>
</metadata>
</record>