
<record>
<header>
<identifier>oai:revistas.usp.br:article/101986</identifier>
<datestamp>2020-07-31T22:18:13Z</datestamp>
<setSpec>actafisiatrica:Art.+Orig.</setSpec>
<setSpec>driver</setSpec>
</header>
<metadata>
<record xmlns="http://www.loc.gov/MARC21/slim" xmlns:xsi="http://www.w3.org/2001/XMLSchema-instance" xsi:schemaLocation="http://www.loc.gov/MARC21/slim http://www.loc.gov/standards/marcxml/schema/MARC21slim.xsd">
<leader>     nmb a2200000Iu 4500</leader>
<controlfield tag="008">"960411 1996                        eng  "</controlfield>
<datafield tag="022" ind1="#" ind2="#">
<subfield code="$a">2317-0190</subfield>
</datafield>
<datafield tag="022" ind1="#" ind2="#">
<subfield code="$a">0104-7795</subfield>
</datafield>
<datafield tag="042" ind1=" " ind2=" ">
<subfield code="a">dc</subfield>
</datafield>
<datafield tag="245" ind1="0" ind2="0">
<subfield code="a">Falsos negativos, falsos positivos e controvérsias no diagnóstico neurofisiológico das radiculopatias</subfield>
</datafield>  <datafield tag="100" ind1="1" ind2=" ">
<subfield code="a">Ferreira, Anthero Sarmento</subfield>
<subfield code="u">Universidade Federal do Rio Grande do Sul - UFRGS</subfield></datafield>
<datafield tag="520" ind1=" " ind2=" ">
<subfield code="a"> Embora as radiculopatias sejam uma das patologias mais freqüentemente encaminhadas para a realização de Eletroneuromiografia (ENMG), seu diagnóstico nem sempre é confirmado neurofisiologicamente, e muitos pacientes com dor irradiada tipo lombociatalgia e cervicobraquialgia apresentam exames normais. Existem também controvérsias entre os próprios neurofisiologistas quanto à validade de utilização das várias técnicas disponíveis para seu diagnóstico. O objetivo deste artigo é discorrer sobre os mecanismos envolvidos na avaliação neurofisiológica das radiculopatias e sua relação com as patologias existentes na coluna vertebral e músculos que a circundam e delimitar as limitações e vantagens de sua utilização. </subfield>
</datafield>
<datafield tag="260" ind1=" " ind2=" ">
<subfield code="b">Faculdade de Medicina, Universidade de São Paulo</subfield>
</datafield>
<dataField tag="260" ind1=" " ind2=" ">
<subfield code="c">1996-04-11 00:00:00</subfield>
</dataField>   <datafield tag="856" ind1=" " ind2=" ">
<subfield code="q">application/pdf</subfield>
</datafield>
<datafield tag="856" ind1="4" ind2="0">
<subfield code="u">https://www.revistas.usp.br/actafisiatrica/article/view/101986</subfield>
</datafield>  <datafield tag="786" ind1="0" ind2=" ">
<subfield code="n">Acta Fisiátrica; v. 3 n. 1 (1996)</subfield>
</datafield>  <datafield tag="546" ind1=" " ind2=" ">
<subfield code="a">por</subfield>
</datafield>   <datafield tag="540" ind1=" " ind2=" ">
<subfield code="a">Copyright (c) 1996 Acta Fisiátrica</subfield>
</datafield>
</record>
</metadata>
</record>
<resumptionToken expirationDate="2023-08-08T14:49:50Z" completeListSize="935" cursor="0">28b83e532968ea201eb475f77408e6f6</resumptionToken>
</ListRecords>
</OAI-PMH> 